%% This BibTeX bibliography file was created using BibDesk.
%% http://bibdesk.sourceforge.net/


%% Created for Gary L. Gray at 2006-04-12 19:28:23 -0400 


%% Saved with string encoding Western (ASCII) 



%%%% SYNCA Paper %%%%


@article{p8bayesian,
  title = {Bayesian analysis of a future $\ensuremath{\beta}$ decay experiment's sensitivity to neutrino mass scale and ordering},
  author = {Ashtari Esfahani, A. and others},
  journal = {Phys. Rev. C},
  volume = {103},
  issue = {6},
  pages = {065501},
  numpages = {15},
  year = {2021},
  month = {Jun},
  publisher = {American Physical Society},
  doi = {10.1103/PhysRevC.103.065501},
  url = {https://link.aps.org/doi/10.1103/PhysRevC.103.065501}
}

@article{Formaggio:2011ba,
	title        = {{Project 8: Using Radio-Frequency Techniques to Measure Neutrino Mass}},
	author       = {Formaggio, J. A.},
	year         = 2012,
	journal      = {Nucl. Phys. Proc. Supl.},
	volume       = {229-232},
	pages        = {371--375},
	doi          = {10.1016/j.nuclphysbps.2012.09.058},
	editor       = {Tzanakos, George S.},
	collaboration = {Project 8},
	eprint       = {1101.6077},
	archiveprefix = {arXiv},
	primaryclass = {nucl-ex}
}
@article{Formaggio:2012fw,
	title        = {{Measuring neutrino masses using radio-frequency techniques}},
	author       = {Formaggio, J. A.},
	year         = 2012,
	journal      = {J. Phys. Conf. Ser.},
	volume       = 375,
	pages        = {042005},
	doi          = {10.1088/1742-6596/375/1/042005},
	editor       = {Oberauer, Lothar and Raffelt, Georg and Wagner, Robert},
	collaboration = {Project 8}
}
@article{Guigue:2017wzr,
	title        = {{Status of the Project 8 Phase II}},
	author       = {Guigue, Mathieu},
	year         = 2020,
	journal      = {J. Phys. Conf. Ser.},
	volume       = 1342,
	number       = 1,
	pages        = {012025},
	doi          = {10.1088/1742-6596/1342/1/012025},
	editor       = {Clark, Ken and Jillings, Chris and Kraus, Christine and Saffin, Jenna and Scorza, Silvia},
	collaboration = {Project 8},
	eprint       = {1710.01827},
	archiveprefix = {arXiv},
	primaryclass = {physics.ins-det}
}
@article{LaRoque:2020dns,
	title        = {{High-availability on-site deployment to heterogeneous architectures for Project 8 and ADMX}},
	author       = {LaRoque, Benjamin},
	year         = 2020,
	journal      = {EPJ Web Conf.},
	volume       = 245,
	pages        = {07029},
	doi          = {10.1051/epjconf/202024507029},
	editor       = {Doglioni, C. and Kim, D. and Stewart, G. A. and Silvestris, L. and Jackson, P. and Kamleh, W.},
	collaboration = {Project 8, ADMX}
}
@article{LaRoque:2020odr,
	title        = {{Zero-deadtime processing in beta spectroscopy for measurement of the non-zero neutrino mass}},
	author       = {LaRoque, Benjamin},
	year         = 2020,
	journal      = {EPJ Web Conf.},
	volume       = 245,
	pages        = {01014},
	doi          = {10.1051/epjconf/202024501014},
	editor       = {Doglioni, C. and Kim, D. and Stewart, G. A. and Silvestris, L. and Jackson, P. and Kamleh, W.},
	collaboration = {Project 8}
}
@article{Monreal:2012zz,
	title        = {{Project 8: Update on a radiofrequency tritium spectrometer}},
	author       = {Monreal, B.},
	year         = 2012,
	journal      = {AIP Conf. Proc.},
	volume       = 1441,
	number       = 1,
	pages        = {441--443},
	doi          = {10.1063/1.3700579},
	editor       = {Steadman, Stephen G. and Stephans, George S. F.},
	collaboration = {Project 8}
}
@inproceedings{Oblath:2013rma,
	title        = {{Project 8: Using Radio-Frequency Techniques to Measure Neutrino Mass}},
	author       = {Oblath, N. S.},
	year         = 2013,
	month        = 10,
	booktitle    = {{Meeting of the APS Division of Particles and Fields}},
	collaboration = {Project 8},
	eprint       = {1310.0397},
	archiveprefix = {arXiv},
	primaryclass = {physics.ins-det},
	reportnumber = {DPF2013}
}
@article{Oblath:2015pxa,
	title        = {{Project 8: First Results \& More}},
	author       = {Oblath, Noah S.},
	year         = 2015,
	journal      = {PoS},
	volume       = {NEUTEL2015},
	pages        = {046},
	doi          = {10.22323/1.244.0046},
	collaboration = {Project 8}
}
@article{Oblath:2017xma,
	title        = {{Project 8: Towards a Direct Measurement of the Neutrino Mass with Tritium Beta Decays}},
	author       = {Oblath, Noah},
	year         = 2018,
	journal      = {PoS},
	volume       = {NEUTEL2017},
	pages        = {026},
	doi          = {10.22323/1.307.0026},
	collaboration = {Project 8}
}
@article{Pettus:2017sxd,
	title        = {{Overview of Project 8 and Progress Towards Tritium Operation}},
	author       = {Pettus, Walter C.},
	year         = 2020,
	journal      = {J. Phys. Conf. Ser.},
	volume       = 1342,
	number       = 1,
	pages        = {012040},
	doi          = {10.1088/1742-6596/1342/1/012040},
	editor       = {Clark, Ken and Jillings, Chris and Kraus, Christine and Saffin, Jenna and Scorza, Silvia},
	collaboration = {Project 8},
	eprint       = {1710.01826},
	archiveprefix = {arXiv},
	primaryclass = {physics.ins-det}
}
@inproceedings{Project8:2013trt,
	title        = {{Project 8: Determining neutrino mass from tritium beta decay using a frequency-based method}},
	author       = {Doe, P. J. and others},
	year         = 2013,
	month        = 9,
	booktitle    = {{Community Summer Study 2013}: {Snowmass on the Mississippi}},
	collaboration = {Project 8},
	eprint       = {1309.7093},
	archiveprefix = {arXiv},
	primaryclass = {nucl-ex}
}
@article{Project8:2014ivu,
	title        = {{Single electron detection and spectroscopy via relativistic cyclotron radiation}},
	author       = {Asner, D. M. and others},
	year         = 2015,
	journal      = {Phys. Rev. Lett.},
	volume       = 114,
	number       = 16,
	pages        = 162501,
	doi          = {10.1103/PhysRevLett.114.162501},
	collaboration = {Project 8},
	eprint       = {1408.5362},
	archiveprefix = {arXiv},
	primaryclass = {physics.ins-det}
}
@article{Project8:2017nal,
	title        = {{Determining the neutrino mass with cyclotron radiation emission spectroscopy\textemdash{}Project 8}},
	author       = {Ashtari Esfahani, Ali and others},
	year         = 2017,
	journal      = {J. Phys. G},
	volume       = 44,
	number       = 5,
	pages        = {054004},
	doi          = {10.1088/1361-6471/aa5b4f},
	collaboration = {Project 8},
	eprint       = {1703.02037},
	archiveprefix = {arXiv},
	primaryclass = {physics.ins-det}
}
@article{Project8:2019ctr,
	title        = {{Locust: C++ software for simulation of RF detection}},
	author       = {Ashtari Esfahani, Ali and others},
	year         = 2019,
	journal      = {New J. Phys.},
	volume       = 21,
	pages        = 113051,
	doi          = {10.1088/1367-2630/ab550d},
	collaboration = {Project 8},
	eprint       = {1907.11124},
	archiveprefix = {arXiv},
	primaryclass = {physics.comp-ph}
}
@inproceedings{Project8:2022wqh,
	title        = {{The Project 8 Neutrino Mass Experiment}},
	author       = {Esfahani, A. Ashtari and others},
	year         = 2022,
	month        = 3,
	booktitle    = {{2022 Snowmass Summer Study}},
	collaboration = {Project 8},
	eprint       = {2203.07349},
	archiveprefix = {arXiv},
	primaryclass = {nucl-ex}
}
@article{Reimann:2022omy,
	title        = {{Project 8: R\&D for a next-generation neutrino mass experiment}},
	author       = {Reimann, Ren\'e},
	year         = 2022,
	journal      = {PoS},
	volume       = {PANIC2021},
	pages        = 283,
	doi          = {10.22323/1.380.0283},
	collaboration = {Project 8}
}
@article{Schram:2020uqj,
	title        = {{Distributed Computing for the Project 8 Experiment}},
	author       = {Schram, Malachi and Thomas, Mathew and Fox, Kevin and LaRoque, Benjamin and VanDevender, Brent and Oblath, Noah and Cowley, David},
	year         = 2020,
	journal      = {EPJ Web Conf.},
	volume       = 245,
	pages        = {03030},
	doi          = {10.1051/epjconf/202024503030},
	editor       = {Doglioni, C. and Kim, D. and Stewart, G. A. and Silvestris, L. and Jackson, P. and Kamleh, W.},
	collaboration = {Project 8}
}
@article{VanDevender:2016gnv,
	title        = {{Direct neutrino mass measurement in the Project8 experiment}},
	author       = {VanDevender, Brent A.},
	year         = 2017,
	journal      = {PoS},
	volume       = {HQL2016},
	pages        = {018},
	doi          = {10.22323/1.274.0018},
	collaboration = {PROJECT 8}
}

@article{Monreal:2009za,
    author = "Monreal, Benjamin and Formaggio, Joseph A.",
    title = "{Relativistic Cyclotron Radiation Detection of Tritium Decay Electrons as a New Technique for Measuring the Neutrino Mass}",
    eprint = "0904.2860",
    archivePrefix = "arXiv",
    primaryClass = "nucl-ex",
    doi = "10.1103/PhysRevD.80.051301",
    journal = "Phys. Rev. D",
    volume = "80",
    pages = "051301",
    year = "2009"
}

@article{Ashtari_Esfahani_2019,
	doi = {10.1088/1367-2630/ab550d},
	url = {https://doi.org/10.1088/1367-2630/ab550d},
	year = 2019,
	month = {nov},
	publisher = {{IOP} Publishing},
	volume = {21},
	number = {11},
	pages = {113051},
	author = {Ashtari Esfahani, Ali and others},
	title = {Locust: C++ software for simulation of {RF} detection},
	journal = {New Journal of Physics},
	abstract = {The Locust simulation package is a new C++ software tool developed to simulate the measurement of time-varying electromagnetic fields using RF detection techniques. Modularity and flexibility allow for arbitrary input signals, while concurrently supporting tight integration with physics-based simulations as input. External signals driven by the Kassiopeia particle tracking package are discussed, demonstrating conditional feedback between Locust and Kassiopeia during software execution. An application of the simulation to the ProjectÂ 8 experiment is described. Locust is publicly available at https://github.com/project8/locust_mc.}
}

%%%%%%%%%%%%% End of Project 8 papers %%%%%%%%%%%%%

%%%%%%%%%%%%% Other papers %%%%%%%%%%%%%
@article{PhysRevA.36.1498,
  title = {Angular distribution of the total cyclotron radiation of a relativistic particle with parallel velocity},
  author = {Johner, J.},
  journal = {Phys. Rev. A},
  volume = {36},
  issue = {3},
  pages = {1498--1501},
  numpages = {0},
  year = {1987},
  month = {Aug},
  publisher = {American Physical Society},
  doi = {10.1103/PhysRevA.36.1498},
  url = {https://link.aps.org/doi/10.1103/PhysRevA.36.1498}
}

@article{Super-Kamiokande:1998kpq,
    author = "Fukuda, Y. and others",
    collaboration = "Super-Kamiokande",
    title = "{Evidence for oscillation of atmospheric neutrinos}",
    eprint = "hep-ex/9807003",
    archivePrefix = "arXiv",
    reportNumber = "BU-98-17, ICRR-REPORT-422-98-18, UCI-98-8, KEK-PREPRINT-98-95, LSU-HEPA-5-98, UMD-98-003, SBHEP-98-5, TKU-PAP-98-06, TIT-HPE-98-09",
    doi = "10.1103/PhysRevLett.81.1562",
    journal = "Phys. Rev. Lett.",
    volume = "81",
    pages = "1562--1567",
    year = "1998"
}

@article{SNO:2002tuh,
    author = "Ahmad, Q. R. and others",
    collaboration = "SNO",
    title = "{Direct evidence for neutrino flavor transformation from neutral current interactions in the Sudbury Neutrino Observatory}",
    eprint = "nucl-ex/0204008",
    archivePrefix = "arXiv",
    doi = "10.1103/PhysRevLett.89.011301",
    journal = "Phys. Rev. Lett.",
    volume = "89",
    pages = "011301",
    year = "2002"
}

@article{Planck:2018vyg,
    author = "Aghanim, N. and others",
    collaboration = "Planck",
    title = "{Planck 2018 results. VI. Cosmological parameters}",
    eprint = "1807.06209",
    archivePrefix = "arXiv",
    primaryClass = "astro-ph.CO",
    doi = "10.1051/0004-6361/201833910",
    journal = "Astron. Astrophys.",
    volume = "641",
    pages = "A6",
    year = "2020",
    note = "[Erratum: Astron.Astrophys. 652, C4 (2021)]"
}

@article{KamLAND-Zen:2022tow,
    author = "Abe, S. and others",
    collaboration = "KamLAND-Zen",
    title = "{First Search for the Majorana Nature of Neutrinos in the Inverted Mass Ordering Region with KamLAND-Zen}",
    eprint = "2203.02139",
    archivePrefix = "arXiv",
    primaryClass = "hep-ex",
    month = "3",
    year = "2022"
}

@article{KATRIN:2021uub,
    author = "Aker, M. and others",
    collaboration = "KATRIN",
    title = "{Direct neutrino-mass measurement with sub-electronvolt sensitivity}",
    eprint = "2105.08533",
    archivePrefix = "arXiv",
    primaryClass = "hep-ex",
    doi = "10.1038/s41567-021-01463-1",
    journal = "Nature Phys.",
    volume = "18",
    number = "2",
    pages = "160--166",
    year = "2022"
}

@article{KATRIN:2019yun,
    author = "Aker, M. and others",
    collaboration = "KATRIN",
    title = "{Improved Upper Limit on the Neutrino Mass from a Direct Kinematic Method by KATRIN}",
    eprint = "1909.06048",
    archivePrefix = "arXiv",
    primaryClass = "hep-ex",
    doi = "10.1103/PhysRevLett.123.221802",
    journal = "Phys. Rev. Lett.",
    volume = "123",
    number = "22",
    pages = "221802",
    year = "2019"
}

@article{KATRIN:2022kkv,
    author = "Aker, M. and others",
    collaboration = "KATRIN",
    title = "{New Constraint on the Local Relic Neutrino Background Overdensity with the First KATRIN Data Runs}",
    eprint = "2202.04587",
    archivePrefix = "arXiv",
    primaryClass = "nucl-ex",
    doi = "10.1103/PhysRevLett.129.011806",
    journal = "Phys. Rev. Lett.",
    volume = "129",
    number = "1",
    pages = "011806",
    year = "2022"
}

@article{Esteban:2020cvm,
    author = "Esteban, Ivan and Gonzalez-Garcia, M. C. and Maltoni, Michele and Schwetz, Thomas and Zhou, Albert",
    title = "{The fate of hints: updated global analysis of three-flavor neutrino oscillations}",
    eprint = "2007.14792",
    archivePrefix = "arXiv",
    primaryClass = "hep-ph",
    reportNumber = "IFT-UAM/CSIC-112, YITP-SB-2020-21",
    doi = "10.1007/JHEP09(2020)178",
    journal = "JHEP",
    volume = "09",
    pages = "178",
    year = "2020"
}

@article{Esteban:2018azc,
    author = "Esteban, Ivan and Gonzalez-Garcia, M. C. and Hernandez-Cabezudo, Alvaro and Maltoni, Michele and Schwetz, Thomas",
    title = "{Global analysis of three-flavour neutrino oscillations: synergies and tensions in the determination of $\theta_{23}$, $\delta_{CP}$, and the mass ordering}",
    eprint = "1811.05487",
    archivePrefix = "arXiv",
    primaryClass = "hep-ph",
    reportNumber = "IFT-UAM/CSIC-18-112, YITP-SB-18-34",
    doi = "10.1007/JHEP01(2019)106",
    journal = "JHEP",
    volume = "01",
    pages = "106",
    year = "2019"
}

@article{FORMAGGIO20211,
title = {Direct measurements of neutrino mass},
journal = {Physics Reports},
volume = {914},
pages = {1-54},
year = {2021},
note = {Direct measurements of neutrino mass},
issn = {0370-1573},
doi = {https://doi.org/10.1016/j.physrep.2021.02.002},
url = {https://www.sciencedirect.com/science/article/pii/S0370157321000636},
author = {Joseph A. Formaggio and AndrÃ© Luiz C. {de GouvÃªa} and R. G. Hamish Robertson},
abstract = {The turn of the 21st century witnessed a sudden shift in our fundamental understanding of particle physics. While the minimal Standard Model predicts that neutrino masses are exactly zero, the discovery of neutrino oscillations proved the Standard Model wrong. Neutrino oscillation measurements, however, shed light neither on the scale of neutrino masses, nor on the mechanism by which those are generated. The neutrino mass scale is most directly accessed by studying the energy spectrum generated by beta decay or electron capture âÂ a technique dating back to Enrico Fermiâs formulation of radioactive decay. In this Article, we review the methods and techniques â both past and present â aimed at measuring neutrino masses kinematically. We focus on recent experimental developments that have emerged in the past decade, overview the spectral refinements that are essential in the treatment of the most sensitive experiments, and give a simple yet effective protocol for estimating the sensitivity. Finally, we provide an outlook of what future experiments might be able to achieve.}
}

@book{balanis2015antenna,
  title={Antenna Theory: Analysis and Design},
  author={Balanis, C.A.},
  isbn={9781119178989},
  lccn={2016050162},
  url={https://books.google.com/books?id=PTFcCwAAQBAJ},
  year={2015},
  publisher={Wiley}
}

@book{jackson_classical_1999,
  added-at = {2009-07-03T16:37:22.000+0200},
  address = {New York, {NY}},
  author = {Jackson, John David},
  biburl = {https://www.bibsonomy.org/bibtex/2baac05176a92886bbe1eae5ee72cf234/cernlibrary},
  edition = {3rd},
  interhash = {05096e24942ceab2a2e9f0d35a45183a},
  intrahash = {baac05176a92886bbe1eae5ee72cf234},
  isbn = {9780471309321},
  keywords = {Fields Maxwell SummerStudentReadList09 book collisions electromagnetic electrostatic equations magnetostatics particle physics radiation relativity special waves},
  lccn = {538.3537.8},
  publisher = {Wiley},
  timestamp = {2009-07-24T15:58:21.000+0200},
  title = {Classical electrodynamics},
  url = {http://cdsweb.cern.ch/record/490457},
  year = 1999
}

@article{Bodine:2015sma,
    author = "Bodine, L. I. and Parno, D. S. and Robertson, R. G. H.",
    title = "{Assessment of molecular effects on neutrino mass measurements from tritium \ensuremath{\beta} decay}",
    eprint = "1502.03497",
    archivePrefix = "arXiv",
    primaryClass = "nucl-ex",
    doi = "10.1103/PhysRevC.91.035505",
    journal = "Phys. Rev. C",
    volume = "91",
    number = "3",
    pages = "035505",
    year = "2015"
}

@book{wirth2001radar,
  title={Radar Techniques Using Array Antennas},
  author={Wirth, W.D.},
  isbn={9780852967980},
  lccn={2014397970},
  url={https://books.google.com/books?id=ALht42gkzLsC},
  year={2001},
  publisher={Institution of Engineering and Technology}
}

@book{balanis2011modern,
  title={Modern Antenna Handbook},
  author={Balanis, C.A.},
  isbn={9781118209752},
  url={https://books.google.com/books?id=UYpV8L8GNCwC},
  year={2011},
  publisher={Wiley}
}


@article{Baum8058476,
  author={Lin, Wei and Ziolkowski, Richard W. and Baum, Thomas C.},
  journal={IEEE Transactions on Antennas and Propagation}, 
  title={28 GHz Compact Omnidirectional Circularly Polarized Antenna for Device-to-Device Communications in the Future 5G Systems}, 
  year={2017},
  volume={65},
  number={12},
  pages={6904-6914},
  doi={10.1109/TAP.2017.2759899}}
  
@article{RongLin7298405,
  author={Fan, Yi and Quan, XuLin and Pan, Yan and Cui, YueHui and Li, RongLin},
  journal={IEEE Transactions on Antennas and Propagation}, 
  title={Wideband Omnidirectional Circularly Polarized Antenna Based on Tilted Dipoles}, 
  year={2015},
  volume={63},
  number={12},
  pages={5961-5966},
  doi={10.1109/TAP.2015.2490663}}
  
@inproceedings{SaiWai8892105,
  author={He, Wei and Zhang, Long and He, Yejun and Wong, Sai-Wai},
  booktitle={2019 IEEE International Conference on RFID Technology and Applications (RFID-TA)}, 
  title={A Wideband Circularly Polarized Antenna With Conical-Beam Radiation}, 
  year={2019},
  volume={},
  number={},
  pages={444-447}}
  

@article{DayaBay:2018yms,
    author = "Adey, D. and others",
    collaboration = "Daya Bay",
    title = "{Measurement of the Electron Antineutrino Oscillation with 1958 Days of Operation at Daya Bay}",
    eprint = "1809.02261",
    archivePrefix = "arXiv",
    primaryClass = "hep-ex",
    doi = "10.1103/PhysRevLett.121.241805",
    journal = "Phys. Rev. Lett.",
    volume = "121",
    number = "24",
    pages = "241805",
    year = "2018"
}

@article{NOvA:2019cyt,
    author = "Acero, M. A. and others",
    collaboration = "NOvA",
    title = "{First Measurement of Neutrino Oscillation Parameters using Neutrinos and Antineutrinos by NOvA}",
    eprint = "1906.04907",
    archivePrefix = "arXiv",
    primaryClass = "hep-ex",
    reportNumber = "FERMILAB-PUB-19-272-ND",
    doi = "10.1103/PhysRevLett.123.151803",
    journal = "Phys. Rev. Lett.",
    volume = "123",
    number = "15",
    pages = "151803",
    year = "2019"
}

@article{Super-Kamiokande:2017yvm,
    author = "Abe, K. and others",
    collaboration = "Super-Kamiokande",
    title = "{Atmospheric neutrino oscillation analysis with external constraints in Super-Kamiokande I-IV}",
    eprint = "1710.09126",
    archivePrefix = "arXiv",
    primaryClass = "hep-ex",
    doi = "10.1103/PhysRevD.97.072001",
    journal = "Phys. Rev. D",
    volume = "97",
    number = "7",
    pages = "072001",
    year = "2018"
}

@article{SNO:2011hxd,
    author = "Aharmim, B. and others",
    collaboration = "SNO",
    title = "{Combined Analysis of all Three Phases of Solar Neutrino Data from the Sudbury Neutrino Observatory}",
    eprint = "1109.0763",
    archivePrefix = "arXiv",
    primaryClass = "nucl-ex",
    doi = "10.1103/PhysRevC.88.025501",
    journal = "Phys. Rev. C",
    volume = "88",
    pages = "025501",
    year = "2013"
}

@phdthesis{nb_thesis,
    author = {N.~Buzinsky},
    title = {Statistical Signal Processing and Detector Optimization in Project 8},
    school = {Massachusetts Institute of Technology},
    year = {2021},
    publisher = {Massachusetts Institute of Technology},
    date = {2021}
}

@misc{hfss,
  howpublished = {\url{https://www.ansys.com/products/electronics/ansys-hfss}},
}

@article{Furse_2017,
	doi = {10.1088/1367-2630/aa6950},
	url = {https://doi.org/10.1088/1367-2630/aa6950},
	year = 2017,
	month = {may},
	publisher = {{IOP} Publishing},
	volume = {19},
	number = {5},
	pages = {053012},
	author = {Daniel Furse and others},
	title = {{Kassiopeia: a modern, extensible C++ particle tracking package}},
	journal = {New Journal of Physics},
	abstract = {The Kassiopeia particle tracking framework is an object-oriented software package using modern C++ techniques, written originally to meet the needs of the KATRIN collaboration. Kassiopeia features a new algorithmic paradigm for particle tracking simulations which targets experiments containing complex geometries and electromagnetic fields, with high priority put on calculation efficiency, customizability, extensibility, and ease-of-use for novice programmers. To solve Kassiopeia's target physics problem the software is capable of simulating particle trajectories governed by arbitrarily complex differential equations of motion, continuous physics processes that may in part be modeled as terms perturbing that equation of motion, stochastic processes that occur in flight such as bulk scattering and decay, and stochastic surface processes occurring at interfaces, including transmission and reflection effects. This entire set of computations takes place against the backdrop of a rich geometry package which serves a variety of roles, including initialization of electromagnetic field simulations and the support of state-dependent algorithm-swapping and behavioral changes as a particleâs state evolves. Thanks to the very general approach taken by Kassiopeia it can be used by other experiments facing similar challenges when calculating particle trajectories in electromagnetic fields. It is publicly available at https://github.com/KATRIN-Experiment/Kassiopeia.}
}

@article{Workman:2022ynf,
    author = "Workman, R. L. and Others",
    collaboration = "Particle Data Group",
    title = "{Review of Particle Physics}",
    doi = "10.1093/ptep/ptac097",
    journal = "PTEP",
    volume = "2022",
    pages = "083C01",
    year = "2022"
}

@Article{Aker2022,
author={Aker, M. and others},
collaboration={The KATRIN},
title={Direct neutrino-mass measurement with sub-electronvolt sensitivity},
journal={Nature Physics},
year={2022},
month={Feb},
day={01},
volume={18},
number={2},
pages={160-166},
abstract={Since the discovery of neutrino oscillations, we know that neutrinos have non-zero mass. However, the absolute neutrino-mass scale remains unknown. Here we report the upper limits on effective electron anti-neutrino mass, m$\nu$, from the second physics run of the Karlsruhe Tritium Neutrino experiment. In this experiment, m$\nu$ is probed via a high-precision measurement of the tritium $\beta$-decay spectrum close to its endpoint. This method is independent of any cosmological model and does not rely on assumptions whether the neutrino is a Dirac or Majorana particle. By increasing the source activity and reducing the background with respect to the first physics campaign, we reached a sensitivity on m$\nu$ of 0.7{\thinspace}eV{\thinspace}c--2{\thinspace}at a 90{\%} confidence level (CL). The best fit to the spectral data yields {\$}{\$}{\{}{\{}{\backslash}mbox{\{}{\}}{\}}{\}}{\{}m{\}}{\_}{\{}{\backslash}nu {\}}^{\{}2{\}}{\{}{\{}{\backslash}mbox{\{}{\}}{\}}{\}}{\$}{\$}{\thinspace}={\thinspace}(0.26{\thinspace}{\textpm}{\thinspace}0.34){\thinspace}eV2{\thinspace}c--4, resulting in an upper limit of m$\nu${\thinspace}<{\thinspace}0.9{\thinspace}eV{\thinspace}c--2{\thinspace}at 90{\%} CL. By combining this result with the first neutrino-mass campaign, we find an upper limit of m$\nu${\thinspace}<{\thinspace}0.8{\thinspace}eV{\thinspace}c--2 at 90{\%} CL.},
issn={1745-2481},
doi={10.1038/s41567-021-01463-1},
url={https://doi.org/10.1038/s41567-021-01463-1}
}

%%% Trigger Paper %%%
@article{p8originalcres,
  title = {Relativistic cyclotron radiation detection of tritium decay electrons as a new technique for measuring the neutrino mass},
  author = {Monreal, Benjamin and Formaggio, Joseph A.},
  journal = {Phys. Rev. D},
  volume = {80},
  issue = {5},
  pages = {051301},
  numpages = {4},
  year = {2009},
  month = {Sep},
  publisher = {American Physical Society},
  doi = {10.1103/PhysRevD.80.051301},
  url = {https://link.aps.org/doi/10.1103/PhysRevD.80.051301}
}

@article{p8prl2023,
      title={Tritium Beta Spectrum and Neutrino Mass Limit from Cyclotron Radiation Emission Spectroscopy}, 
      author={A. Ashtari Esfahani and S. BÃ¶ser and N. Buzinsky and M. C. Carmona-Benitez and C. Claessens and L. de Viveiros and P. J. Doe and M. Fertl and J. A. Formaggio and J. K. Gaison and L. Gladstone and M. Grando and M. Guigue and J. Hartse and K. M. Heeger and X. Huyan and J. Johnston and A. M. Jones and K. Kazkaz and B. H. LaRoque and M. Li and A. Lindman and E. Machado and A. Marsteller and C. MatthÃ© and R. Mohiuddin and B. Monreal and R. Mueller and J. A. Nikkel and E. Novitski and N. S. Oblath and J. I. PeÃ±a and W. Pettus and R. Reimann and R. G. H. Robertson and D. Rosa De JesÃºs and G. Rybka and L. SaldaÃ±a and M. Schram and P. L. Slocum and J. Stachurska and Y. -H. Sun and P. T. Surukuchi and J. R. Tedeschi and A. B. Telles and F. Thomas and M. Thomas and L. A. Thorne and T. ThÃ¼mmler and L. Tvrznikova and W. Van De Pontseele and B. A. VanDevender and J. Weintroub and T. E. Weiss and T. Wendler and A. Young and E. Zayas and A. Ziegler},
      year={2023},
      eprint={2212.05048},
      archivePrefix={arXiv},
      primaryClass={nucl-ex},
      collaboration="Project 8"
}
@article{p8prc2023,
      title={Cyclotron Radiation Emission Spectroscopy of Electrons from Tritium Beta Decay and $^{83\rm m}$Kr Internal Conversion}, 
      author={A. Ashtari Esfahani and S. BÃ¶ser and N. Buzinsky and M. C. Carmona-Benitez and C. Claessens and L. de Viveiros and P. J. Doe and M. Fertl and J. A. Formaggio and J. K. Gaison and L. Gladstone and M. Guigue and J. Hartse and K. M. Heeger and X. Huyan and A. M. Jones and K. Kazkaz and B. H. LaRoque and M. Li and A. Lindman and E. Machado and A. Marsteller and C. MatthÃ© and R. Mohiuddin and B. Monreal and R. Mueller and J. A. Nikkel and E. Novitski and N. S. Oblath and J. I. PeÃ±a and W. Pettus and R. Reimann and R. G. H. Robertson and D. Rosa De JesÃºs and G. Rybka and L. SaldaÃ±a and M. Schram and P. L. Slocum and J. Stachurska and Y. -H. Sun and P. T. Surukuchi and J. R. Tedeschi and A. B. Telles and F. Thomas and M. Thomas and L. A. Thorne and T. ThÃ¼mmler and L. Tvrznikova and W. Van De Pontseele and B. A. VanDevender and J. Weintroub and T. E. Weiss and T. Wendler and A. Young and E. Zayas and A. Ziegler},
      year={2023},
      eprint={2303.12055},
      archivePrefix={arXiv},
      primaryClass={nucl-ex},
      collaboration = "Project 8"
}
@article{p8PanicProc,
    author = "Reimann, Ren\'e",
    collaboration = "Project 8",
    title = "{Project 8: R\&D for a next-generation neutrino mass experiment}",
    doi = "10.22323/1.380.0283",
    journal = "PoS",
    volume = "PANIC2021",
    pages = "283",
    year = "2022"
}

@article{p8snowmass2022,
      title={The Project 8 Neutrino Mass Experiment}, 
      author={A. Ashtari Esfahani and S. BÃ¶ser and N. Buzinsky and M. C. Carmona-Benitez and C. Claessens and L. de Viveiros and P. J. Doe and S. Enomoto and M. Fertl and J. A. Formaggio and J. K. Gaison and M. Grando and K. M. Heeger and X. Huyan and A. M. Jones and K. Kazkaz and M. Li and A. Lindman and C. MatthÃ© and R. Mohiuddin and B. Monreal and R. Mueller and J. A. Nikkel and E. Novitski and N. S. Oblath and J. I. PeÃ±a and W. Pettus and R. Reimann and R. G. H. Robertson and G. Rybka and L. SaldaÃ±a and M. Schram and P. L. Slocum and J. Stachurska and Y. -H. Sun and P. T. Surukuchi and J. R. Tedeschi and A. B. Telles and F. Thomas and M. Thomas and L. A. Thorne and T. ThÃ¼mmler and W. Van De Pontseele and B. A. VanDevender and T. E. Weiss and T. Wendler and A. Ziegler},
      year={2022},
      eprint={2203.07349},
      archivePrefix={arXiv},
      primaryClass={nucl-ex},
      collaboration="Project 8"
}
@article{p8locustpaper,
	title        = {{Locust: C++ software for simulation of RF detection}},
	author       = {Ashtari Esfahani, Ali and others},
	year         = 2019,
	journal      = {New J. Phys.},
	volume       = 21,
	pages        = 113051,
	doi          = {10.1088/1367-2630/ab550d},
	collaboration = {Project 8} ,
	eprint       = {1907.11124},
	archiveprefix = {arXiv},
	primaryclass = {physics.comp-ph}
}


@article{p8daqIII,
	title        = {{Zero-deadtime processing in beta spectroscopy for measurement of the non-zero neutrino mass}},
	author       = {LaRoque, Benjamin},
	year         = 2020,
	journal      = {EPJ Web Conf.},
	volume       = 245,
	pages        = {01014},
	doi          = {10.1051/epjconf/202024501014},
	editor       = {Doglioni, C. and Kim, D. and Stewart, G. A. and Silvestris, L. and Jackson, P. and Kamleh, W.},
	collaboration = {Project 8}
}

@article{p8synca,
doi = {10.1088/1748-0221/18/01/P01034},
url = {https://dx.doi.org/10.1088/1748-0221/18/01/P01034},
year = {2023},
month = {jan},
publisher = {IOP Publishing},
volume = {18},
number = {01},
pages = {P01034},
author = {A. Ashtari Esfahani and S. BÃ¶ser and N. Buzinsky and M.C. Carmona-Benitez and C. Claessens and L. de Viveiros and M. Fertl and J.A. Formaggio and L. Gladstone and M. Grando and J. Hartse and K.M. Heeger and X. Huyan and A.M. Jones and K. Kazkaz and M. Li and A. Lindman and C. MatthÃ© and R. Mohiuddin and B. Monreal and R. Mueller and J.A. Nikkel and E. Novitski and N.S. Oblath and J.I. PeÃ±a and W. Pettus and R. Reimann and R.G.H. Robertson and L. SaldaÃ±a and P.L. Slocum and J. Stachurska and Y.-H. Sun and P.T. Surukuchi and A.B. Telles and F. Thomas and M. Thomas and L.A. Thorne and T. ThÃ¼mmler and L. Tvrznikova and W. Van De Pontseele and B.A. VanDevender and T.E. Weiss and T. Wendler and E. Zayas and A. Ziegler and Project 8  Collaboration},
title = {SYNCA: A Synthetic Cyclotron Antenna for the Project 8 Collaboration},
journal = {Journal of Instrumentation},
abstract = {Cyclotron Radiation Emission Spectroscopy (CRES) is a technique for measuring the kinetic energy of charged particles through a precision measurement of the frequency of the cyclotron radiation generated by the particle's motion in a magnetic field. The Project 8 collaboration is developing a next-generation neutrino mass measurement experiment based on CRES. One approach is to use a phased antenna array, which surrounds a volume of tritium gas, to detect and measure the cyclotron radiation of the resulting Î²-decay electrons. To validate the feasibility of this method, Project 8 has designed a test stand to benchmark the performance of an antenna array at reconstructing signals that mimic those of genuine CRES events. To generate synthetic CRES events, a novel probe antenna has been developed, which emits radiation with characteristics similar to the cyclotron radiation produced by charged particles in magnetic fields. This paper outlines the design, construction, and characterization of this Synthetic Cyclotron Antenna (SYNCA). Furthermore, we perform a series of measurements that use the SYNCA to test the position reconstruction capabilities of the digital beamforming reconstruction technique. We find that the SYNCA produces radiation with characteristics closely matching those expected for cyclotron radiation and reproduces experimentally the phenomenology of digital beamforming simulations of true CRES signals.}
}

@article{p8pheno,
  title = {Electron radiated power in cyclotron radiation emission spectroscopy experiments},
  author = {Esfahani, A. Ashtari and Bansal, V. and B\"oser, S. and Buzinsky, N. and Cervantes, R. and Claessens, C. and de Viveiros, L. and Doe, P. J. and Fertl, M. and Formaggio, J. A. and Gladstone, L. and Guigue, M. and Heeger, K. M. and Johnston, J. and Jones, A. M. and Kazkaz, K. and LaRoque, B. H. and Leber, M. and Lindman, A. and Machado, E. and Monreal, B. and Morrison, E. C. and Nikkel, J. A. and Novitski, E. and Oblath, N. S. and Pettus, W. and Robertson, R. G. H. and Rybka, G. and Salda\~na, L. and Sibille, V. and Schram, M. and Slocum, P. L. and Sun, Y.-H. and Tedeschi, J. R. and Th\"ummler, T. and VanDevender, B. A. and Wachtendonk, M. and Walter, M. and Weiss, T. E. and Wendler, T. and Zayas, E.},
  collaboration = {The Project 8},
  journal = {Phys. Rev. C},
  volume = {99},
  issue = {5},
  pages = {055501},
  numpages = {14},
  year = {2019},
  month = {May},
  publisher = {American Physical Society},
  doi = {10.1103/PhysRevC.99.055501},
  url = {https://link.aps.org/doi/10.1103/PhysRevC.99.055501}
}

@article{p8jugaad,
collaboration={Project 8},
title = {Antenna Arrays for Physics Measurements with Large-scale CRES Detectors},
journal={In preparation}
}

@article{p8phase3trigger,
collaboration={Project 8},
title = {Real-time Signal Detection for Cyclotron Radiation Emission Spectroscopy Measurements using Antenna Arrays},
journal={In preparation}
}


% non project 8 %

@article{cresda,
    author = "Canning, James A. L. and Deppisch, Frank F. and Pei, Wenna",
    title = "{Sensitivity of future tritium decay experiments to New Physics}",
    eprint = "2212.06106",
    archivePrefix = "arXiv",
    primaryClass = "hep-ph",
    doi = "10.1007/JHEP03(2023)144",
    journal = "JHEP",
    volume = "03",
    pages = "144",
    year = "2023"
}

@article{cresHe6,
    author = "Byron, W. and others",
    title = "{First observation of cyclotron radiation from MeV-scale ${\rm e}^{pm}$ following nuclear beta decay}",
    eprint = "2209.02870",
    archivePrefix = "arXiv",
    primaryClass = "nucl-ex",
    month = "9",
    year = "2022"
}

@article{cresXrayKazkaz,
    author = "Kazkaz, Kareem and Woollett, Nathan",
    title = "{Using Cyclotron Radiation Emission for Ultra-high Resolution X-Ray Spectroscopy}",
    eprint = "1911.05869",
    archivePrefix = "arXiv",
    primaryClass = "physics.atom-ph",
    reportNumber = "LLNL-JRNL- 790159",
    doi = "10.1088/1367-2630/abec0e",
    journal = "New J. Phys.",
    volume = "23",
    number = "3",
    pages = "033043",
    year = "2021"
}

@article{kassiopeia,
	doi = {10.1088/1367-2630/aa6950},
	url = {https://doi.org/10.1088/1367-2630/aa6950},
	year = 2017,
	month = {may},
	publisher = {{IOP} Publishing},
	volume = {19},
	number = {5},
	pages = {053012},
	author = {Daniel Furse and others},
	title = {{Kassiopeia: a modern, extensible C++ particle tracking package}},
	journal = {New Journal of Physics},
	abstract = {The Kassiopeia particle tracking framework is an object-oriented software package using modern C++ techniques, written originally to meet the needs of the KATRIN collaboration. Kassiopeia features a new algorithmic paradigm for particle tracking simulations which targets experiments containing complex geometries and electromagnetic fields, with high priority put on calculation efficiency, customizability, extensibility, and ease-of-use for novice programmers. To solve Kassiopeia's target physics problem the software is capable of simulating particle trajectories governed by arbitrarily complex differential equations of motion, continuous physics processes that may in part be modeled as terms perturbing that equation of motion, stochastic processes that occur in flight such as bulk scattering and decay, and stochastic surface processes occurring at interfaces, including transmission and reflection effects. This entire set of computations takes place against the backdrop of a rich geometry package which serves a variety of roles, including initialization of electromagnetic field simulations and the support of state-dependent algorithm-swapping and behavioral changes as a particleâs state evolves. Thanks to the very general approach taken by Kassiopeia it can be used by other experiments facing similar challenges when calculating particle trajectories in electromagnetic fields. It is publicly available at https://github.com/KATRIN-Experiment/Kassiopeia.}
}

@book{detection_theory,
  title={Fundamentals of Statistical Signal Processing: Detection Theory, Volume II},
  author={Kay, S.M.},
  isbn={9780135041352},
  lccn={2016050162},
  year={1998},
  publisher={Pearson}
}

@misc{v100,
howpublished = {\url{https://www.nvidia.com/en-us/data-center/v100/}},
}

@misc{h100,
howpublished = {\url{https://www.nvidia.com/en-us/data-center/h100/}},
}


@inproceedings{resnet,
  author={He, Kaiming and Zhang, Xiangyu and Ren, Shaoqing and Sun, Jian},
  booktitle={2016 IEEE Conference on Computer Vision and Pattern Recognition (CVPR)}, 
  title={Deep Residual Learning for Image Recognition}, 
  year={2016},
  volume={},
  number={},
  pages={770-778},
  doi={10.1109/CVPR.2016.90}}

@inproceedings{vgg,
  author= {Karen Simonyan and Andrew Zisserman},
  editor= {Yoshua Bengio and Yann LeCun},
  title= {Very Deep Convolutional Networks for Large-Scale Image Recognition},
  booktitle = {3rd International Conference on Learning Representations, {ICLR} 2015, San Diego, CA, USA, May 7-9, 2015, Conference Track Proceedings},
  year = {2015},
  url = {http://arxiv.org/abs/1409.1556},
  timestamp = {Wed, 17 Jul 2019 10:40:54 +0200},
  biburl = {https://dblp.org/rec/journals/corr/SimonyanZ14a.bib},
  bibsource = {dblp computer science bibliography, https://dblp.org}
}

@book{pozar,
      author        = "Pozar, David M",
      title         = "{Microwave engineering; 3rd ed.}",
      publisher     = "Wiley",
      address       = "Hoboken, NJ",
      year          = "2005",
      url           = "https://cds.cern.ch/record/882338",
}

@article{cyclotron_motion_cavity,
  title = {Cyclotron motion in a microwave cavity: Lifetime and frequency shifts},
  author = {Brown, Lowell S. and Gabrielse, Gerald and Helmerson, Kristian and Tan, Joseph},
  journal = {Phys. Rev. A},
  volume = {32},
  issue = {6},
  pages = {3204--3218},
  numpages = {0},
  year = {1985},
  month = {Dec},
  publisher = {American Physical Society},
  doi = {10.1103/PhysRevA.32.3204},
  url = {https://link.aps.org/doi/10.1103/PhysRevA.32.3204}
}

@article{hanneke_paper,
  title = {Cavity control of a single-electron quantum cyclotron: Measuring the electron magnetic moment},
  author = {Hanneke, D. and Fogwell Hoogerheide, S. and Gabrielse, G.},
  journal = {Phys. Rev. A},
  volume = {83},
  issue = {5},
  pages = {052122},
  numpages = {26},
  year = {2011},
  month = {May},
  publisher = {American Physical Society},
  doi = {10.1103/PhysRevA.83.052122},
  url = {https://link.aps.org/doi/10.1103/PhysRevA.83.052122}
}

@phdthesis{hanneke_thesis,
    author = "Hanneke, David Andrew",
    title = "{Cavity control in a single-electron quantum cyclotron}: {an improved measurement of the electron magnetic moment}",
    school = "Harvard U.",
    year = "2007"
}

@article{purcell,
  title = {Spontaneous Emission Probabilities at Radio Frequencies},
  author = {Purcell, E.M.},
  journal = {Phys. Rev.},
  volume = {69},
  issue = {11-12},
  pages = {674--674},
  numpages = {0},
  year = {1946},
  month = {Jun},
  publisher = {American Physical Society},
  doi = {10.1103/PhysRev.69.674},
  url = {https://link.aps.org/doi/10.1103/PhysRev.69.674}
}

@article{larmor_eqn,
author = { J.   Larmor   D.Sc.   F.R.S. },
title = {LXIII. On the theory of the magnetic influence on spectra; and on the radiation from moving ions},
journal = {The London, Edinburgh, and Dublin Philosophical Magazine and Journal of Science},
volume = {44},
number = {271},
pages = {503-512},
year  = {1897},
publisher = {Taylor & Francis},
doi = {10.1080/14786449708621095},

URL = { 
        https://doi.org/10.1080/14786449708621095
},
eprint = { 
        https://doi.org/10.1080/14786449708621095
}
}

@article{cavity_coupled_to_amp,
    author = "Moskowitz, B. E. and Rogers, J.",
    title = "{ANALYSIS OF A MICROWAVE CAVITY DETECTOR COUPLED TO A NOISY AMPLIFIER}",
    doi = "10.1016/0168-9002(88)90938-2",
    journal = "Nucl. Instrum. Meth. A",
    volume = "264",
    pages = "445--452",
    year = "1988"
}

@article{nasa_cavity_measurement,
  author={Wenger, Norman C. and Smetana, Jerry},
  journal={IEEE Transactions on Instrumentation and Measurement}, 
  title={Hydrogen Density Measurements Using an Open-Ended Microwave Cavity}, 
  year={1972},
  volume={21},
  number={2},
  pages={105-114},
  doi={10.1109/TIM.1972.4313978}}

@article{nasa_cavity_theory,
author={Wenger, N.C.},
journal={IEEE Transactions on Microwave Theory and Techniques}, 
title={Resonant Frequency of Open-Ended Cylindrical Cavity}, 
year={1967},
volume={15},
number={6},
pages={334-340},
doi={10.1109/TMTT.1967.1126470}}
@article{lw_potential_1,
  author       = {Wiechert, E.},
  title        = {Elektrodynamische Elementargesetze},
  month        = jan,
  year         = 1901,
  doi          = {10.1002/andp.19013090403},
  url          = {https://doi.org/10.1002/andp.19013090403}
}

@article{lw_potential_2,
  author          = {Li\'{e}ard, A.},
  journal         = {L\'{e}clairage \'{e}lectrique},
  number          = {27-29},
  title           = {Champ \'{e}lectrique et Magn\'{e}tique},
  volume          = {16},
  year            = {1898}
}

@misc{lti_theory_wiki,
howpublished = {\url{https://en.wikipedia.org/wiki/Linear_time-invariant_system}},
}

@article{friis_paper,
  author={Friis, H.T.},
  journal={Proceedings of the IRE}, 
  title={A Note on a Simple Transmission Formula}, 
  year={1946},
  volume={34},
  number={5},
  pages={254-256},
  doi={10.1109/JRPROC.1946.234568}}


@misc{friis_wiki,
howpublished = {\url{https://en.wikipedia.org/wiki/Friis_transmission_equation}},
}

@misc{absorber_foam,
  author       = {},
  howpublished = {\url{https://www.mvg-world.com/en/products/absorbers/standard-absorbers/convoluted-absorbers-aec-series}},
  title        = {},
  year         = {}
}

@misc{vna,
  author       = {},
  howpublished = {\url{https://en.wikipedia.org/wiki/Network_analyzer_(electrical)}},
  title        = {},
  year         = {}
}

@misc{keysight_vna,
  author       = {},
  howpublished = {\url{https://www.keysight.com/us/en/product/N5222A/pna-microwave-network-analyzer-265-ghz.html}},
  title        = {},
  year         = {}
}

@misc{pasternack_antenna,
  author       = {},
  howpublished = {\url{https://www.pasternack.com/standard-gain-horn-antennas-category.aspx}},
  title        = {},
  year         = {}
}

@misc{balun,
  author       = {},
  howpublished = {\url{https://en.wikipedia.org/wiki/Balun}},
  title        = {},
  year         = {}
}

@misc{quad,
  author       = {},
  howpublished = {\url{https://en.wikipedia.org/wiki/Power_dividers_and_directional_couplers}},
  title        = {},
  year         = {}
}

@misc{marki,
  author       = {},
  howpublished = {\url{https://www.markimicrowave.com/home/}},
  title        = {},
  year         = {}
}

@misc{awg,
  author       = {},
  howpublished = {\url{https://www.rigolna.com/products/waveform-generators/dg5000/}},
  title        = {},
  year         = {}
}

@misc{mixer,
  author       = {},
  howpublished = {\url{https://en.wikipedia.org/wiki/Frequency_mixer}},
  title        = {},
  year         = {}
}

@misc{caen,
  author       = {},
  howpublished = {\url{https://www.caen.it/}},
  title        = {},
  year         = {}
}

@ARTICLE{nyquist_sampling,
  author={Nyquist, H.},
  journal={Transactions of the American Institute of Electrical Engineers}, 
  title={Certain Topics in Telegraph Transmission Theory}, 
  year={1928},
  volume={47},
  number={2},
  pages={617-644},
  doi={10.1109/T-AIEE.1928.5055024}}

@article{root,
    author = "Brun, R. and Rademakers, F.",
    editor = "Werlen, M. and Perret-Gallix, D.",
    title = "{ROOT: An object oriented data analysis framework}",
    doi = "10.1016/S0168-9002(97)00048-X",
    journal = "Nucl. Instrum. Meth. A",
    volume = "389",
    pages = "81--86",
    year = "1997"
}

@article{neyman_pearson_lemma,
  author          = {Neyman, J. and Pearson, E.S.},
  journal         = {Phil. Trans. R. Soc. Lond. A},
  number          = {},
  title           = {On the problem of the the most efficient tests of statistical hypotheses},
  volume          = {231},
  year            = {1933}
}

@book{reciprocity_theorem,
  author         = {Stumpf, M.},
  editor         = {},
  publisher      = {Wiley},
  title          = {Electromagnetic Reciprocity in Antenna Theory},
  year           = {2018}
}

@book{prml,
  author         = {Bishop, C.M.},
  editor         = {},
  publisher      = {Springer},
  title          = {Pattern Recognition and Machine Learning},
  year           = {2016}
}

@article{ml_lhc,
    author = "Plehn, Tilman and Butter, Anja and Dillon, Barry and Krause, Claudius",
    title = "{Modern Machine Learning for LHC Physicists}",
    eprint = "2211.01421",
    archivePrefix = "arXiv",
    primaryClass = "hep-ph",
    month = "11",
    year = "2022"
}

@article{ml_ligo_1,
    author = "George, Daniel and Huerta, E. A.",
    title = "{Deep Learning for Real-time Gravitational Wave Detection and Parameter Estimation: Results with Advanced LIGO Data}",
    eprint = "1711.03121",
    archivePrefix = "arXiv",
    primaryClass = "gr-qc",
    doi = "10.1016/j.physletb.2017.12.053",
    journal = "Phys. Lett. B",
    volume = "778",
    pages = "64--70",
    year = "2018"
}

@article{ml_ligo_2,
    author = "Gabbard, Hunter and Messenger, Chris and Heng, Ik Siong and Tonolini, Francesco and Murray-Smith, Roderick",
    title = "{Bayesian parameter estimation using conditional variational autoencoders for gravitational-wave astronomy}",
    eprint = "1909.06296",
    archivePrefix = "arXiv",
    primaryClass = "astro-ph.IM",
    doi = "10.1038/s41567-021-01425-7",
    journal = "Nature Phys.",
    volume = "18",
    number = "1",
    pages = "112--117",
    year = "2022"
}

@article{direct_meas_nu_mass,
    author = "Formaggio, Joseph A. and de Gouv\^ea, Andr\'e Luiz C. and Robertson, R. G. Hamish",
    title = "{Direct Measurements of Neutrino Mass}",
    eprint = "2102.00594",
    archivePrefix = "arXiv",
    primaryClass = "nucl-ex",
    doi = "10.1016/j.physrep.2021.02.002",
    journal = "Phys. Rept.",
    volume = "914",
    pages = "1--54",
    year = "2021"
}

@inproceedings{p8snomass,
	title        = {{The Project 8 Neutrino Mass Experiment}},
	author       = {Esfahani, A. Ashtari and others},
	year         = 2022,
	month        = 3,
	booktitle    = {{2022 Snowmass Summer Study}},
	collaboration = {Project 8},
	eprint       = {2203.07349},
	archiveprefix = {arXiv},
	primaryclass = {nucl-ex}
}

@article{atomic_clock,
  author          = {Nicholson, T.L. and others},
  journal         = {Nature Communications},
  number          = {6896},
  title           = {Systematic evaluation of an atomic clock at 2 x 10-18 total uncertainty},
  volume          = {6},
  year            = {2015}
}

@article{never_meas_anything_but_freq,
  title = {Nobel Lecture: Passion for precision},
  author = {H\"ansch, Theodor W.},
  journal = {Rev. Mod. Phys.},
  volume = {78},
  issue = {4},
  pages = {1297--1309},
  numpages = {0},
  year = {2006},
  month = {Nov},
  publisher = {American Physical Society},
  doi = {10.1103/RevModPhys.78.1297},
  url = {https://link.aps.org/doi/10.1103/RevModPhys.78.1297}
}

@article{gabor,
  title={Theory of communication. Part 1: The analysis of information},
  author={Gabor, Dennis},
  journal={Journal of the Institution of Electrical Engineers-part III: radio and communication engineering},
  volume={93},
  number={26},
  pages={429--441},
  year={1946},
  publisher={IET}
}

@article{nick_viterbi,
    author = "Esfahani Ashtari, A. and others",
    title = "{Viterbi decoding of CRES signals in Project 8}",
    eprint = "2112.05265",
    archivePrefix = "arXiv",
    primaryClass = "physics.ins-det",
    doi = "10.1088/1367-2630/ac66f6",
    journal = "New J. Phys.",
    volume = "24",
    number = "5",
    pages = "053013",
    year = "2022"
}

@article{mainz_final,
    author = "Kraus, Ch. and others",
    title = "{Final results from phase II of the Mainz neutrino mass search in tritium beta decay}",
    eprint = "hep-ex/0412056",
    archivePrefix = "arXiv",
    doi = "10.1140/epjc/s2005-02139-7",
    journal = "Eur. Phys. J. C",
    volume = "40",
    pages = "447--468",
    year = "2005"
}

@article{troitsk_result,
    author = "Aseev, V. N. and others",
    collaboration = "Troitsk",
    title = "{An upper limit on electron antineutrino mass from Troitsk experiment}",
    eprint = "1108.5034",
    archivePrefix = "arXiv",
    primaryClass = "hep-ex",
    doi = "10.1103/PhysRevD.84.112003",
    journal = "Phys. Rev. D",
    volume = "84",
    pages = "112003",
    year = "2011"
}

@article{tritium_final_state_saenz,
    author = "Saenz, Alejandro and Jonsell, Svante and Froelich, Piotr",
    title = "{Improved Molecular Final-State Distribution of HeT+ for the \ensuremath{\beta}-Decay Process of T2}",
    doi = "10.1103/PhysRevLett.84.242",
    journal = "Phys. Rev. Lett.",
    volume = "84",
    number = "2",
    pages = "242",
    year = "2000"
}

@article{tritium_spin_exchange,
  title = {Spin exchange and dipolar relaxation rates in atomic hydrogen: Lifetimes in magnetic traps},
  author = {Lagendijk, Ad and Silvera, Isaac F. and Verhaar, Boudewijn J.},
  journal = {Phys. Rev. B},
  volume = {33},
  issue = {1},
  pages = {626--628},
  numpages = {0},
  year = {1986},
  month = {Jan},
  publisher = {American Physical Society},
  doi = {10.1103/PhysRevB.33.626},
  url = {https://link.aps.org/doi/10.1103/PhysRevB.33.626}
}

@article{tritium_hyperfine,
  author          = {Silvera, I.F. and Walraven, J.T.M.},
  journal         = {Prog. Low Temp. Phys.},
  pages          = {139--370},
  title           = {Spin-polarized atomic hydrogen},
  volume          = {X},
  year            = {1986}
}

@article{krypton83m,
    author = "V\'enos, D. and Sentkerestiov\'a, J. and Dragoun, O. and Slez\'ak, M. and Ry\v{s}av\'y, M. and \v{S}palek, A.",
    title = "{Properties of 83mKr conversion electrons and their use in the KATRIN experiment}",
    doi = "10.1088/1748-0221/13/02/T02012",
    journal = "JINST",
    volume = "13",
    number = "02",
    pages = "T02012",
    year = "2018"
}

@article{numass_models_seesaw,
    author = "de Gouv\^ea, Andr\'e",
    title = "{Neutrino Mass Models}",
    doi = "10.1146/annurev-nucl-102115-044600",
    journal = "Ann. Rev. Nucl. Part. Sci.",
    volume = "66",
    pages = "197--217",
    year = "2016"
}

@book{nu_physics1,
  author         = {Zuber, K.},
  editor         = {},
  publisher      = {CRC Press},
  title          = {Neutrino Physics},
  year           = {2020}
}

@book{nu_physics2,
  author         = {Xing, Z.~Z. and Zhou, S.},
  editor         = {},
  publisher      = {Springer},
  title          = {Neutrinos in Particle Physics, Astronomy and Cosmology},
  year           = {2011}
}

@article{nu_physics3,
    author = "Mohapatra, R. N. and others",
    title = "{Theory of neutrinos: A White paper}",
    eprint = "hep-ph/0510213",
    archivePrefix = "arXiv",
    reportNumber = "FERMILAB-TM-2342-T, SLAC-PUB-11622",
    doi = "10.1088/0034-4885/70/11/R02",
    journal = "Rept. Prog. Phys.",
    volume = "70",
    pages = "1757--1867",
    year = "2007"
}

@article{planck2015,
    author = "Ade, P. A. R. and others",
    collaboration = "Planck",
    title = "{Planck 2015 results. XIII. Cosmological parameters}",
    eprint = "1502.01589",
    archivePrefix = "arXiv",
    primaryClass = "astro-ph.CO",
    doi = "10.1051/0004-6361/201525830",
    journal = "Astron. Astrophys.",
    volume = "594",
    pages = "A13",
    year = "2016"
}

@article{numass_cosmo,
    author = "Wong, Yvonne Y. Y.",
    title = "{Neutrino mass in cosmology: status and prospects}",
    eprint = "1111.1436",
    archivePrefix = "arXiv",
    primaryClass = "astro-ph.CO",
    reportNumber = "TTK-11-56",
    doi = "10.1146/annurev-nucl-102010-130252",
    journal = "Ann. Rev. Nucl. Part. Sci.",
    volume = "61",
    pages = "69--98",
    year = "2011"
}

@INPROCEEDINGS{cmb_s4,
       author = {{Carlstrom}, John and {Abazajian}, Kevork and {Addison}, Graeme and {Adshead}, Peter and {Ahmed}, Zeeshan and {Allen}, Steven W. and {Alonso}, David and {Alvarez}, Marcelo and {Anderson}, Adam and {Arnold}, Kam S. and {Baccigalupi}, Carlo and {Bailey}, Kathy and {Barkats}, Denis and {Barron}, Darcy and {Barry}, Peter S. and {Bartlett}, James G. and {Basu Thakur}, Ritoban and {Battaglia}, Nicholas and {Baxter}, Eric and {Bean}, Rachel and {Bebek}, Chris and {Bender}, Amy N. and {Benson}, Bradford A. and {Berger}, Edo and {Bhimani}, Sanah and {Bischoff}, Colin A. and {Bleem}, Lindsey and {Bocquet}, Sebastian and {Boddy}, Kimberly and {Bonato}, Matteo and {Bond}, J. Richard and {Borrill}, Julian and {Bouchet}, Fran{\c{c}}ois R. and {Brown}, Michael L. and {Bryan}, Sean and {Burkhart}, Blakesley and {Buza}, Victor and {Byrum}, Karen and {Calabrese}, Erminia and {Calafut}, Victoria and {Caldwell}, Robert and {Carlstrom}, John E. and {Carron}, Julien and {Cecil}, Thomas and {Challinor}, Anthony and {Chang}, Clarence L. and {Chinone}, Yuji and {Cho}, Hsiao-Mei Sherry and {Cooray}, Asantha and {Crawford}, Thomas M. and {Crites}, Abigail and {Cukierman}, Ari and {Cyr-Racine}, Francis-Yan and {de Haan}, Tijmen and {de Zotti}, Gianfranco and {Delabrouille}, Jacques and {Demarteau}, Marcel and {Devlin}, Mark and {Di Valentino}, Eleonora and {Dobbs}, Matt and {Duff}, Shannon and {Duivenvoorden}, Adriaan and {Dvorkin}, Cora and {Edwards}, William and {Eimer}, Joseph and {Errard}, Josquin and {Essinger-Hileman}, Thomas and {Fabbian}, Giulio and {Feng}, Chang and {Ferraro}, Simone and {Filippini}, Jeffrey P. and {Flauger}, Raphael and {Flaugher}, Brenna and {Fraisse}, Aurelien A. and {Frolov}, Andrei and {Galitzki}, Nicholas and {Galli}, Silvia and {Ganga}, Ken and {Gerbino}, Martina and {Gilchriese}, Murdock and {Gluscevic}, Vera and {Green}, Daniel and {Grin}, Daniel and {Grohs}, Evan and {Gualtieri}, Riccardo and {Guarino}, Victor and {Gudmundsson}, Jon E. and {Habib}, Salman and {Haller}, Gunther and {Halpern}, Mark and {Halverson}, Nils W. and {Hanany}, Shaul and {Harrington}, Kathleen and {Hasegawa}, Masaya and {Hasselfield}, Matthew and {Hazumi}, Masashi and {Heitmann}, Katrin and {Henderson}, Shawn and {Henning}, Jason W. and {Hill}, J. Colin and {Hlo{\v{z}}ek}, Renee and {Holder}, Gil and {Holzapfel}, William and {Hubmayr}, Johannes and {Huffenberger}, Kevin M. and {Huffer}, Michael and {Hui}, Howard and {Irwin}, Kent and {Johnson}, Bradley R. and {Johnstone}, Doug and {Jones}, William C. and {Karkare}, Kirit and {Katayama}, Nobuhiko and {Kerby}, James and {Kernovsky}, Sarah and {Keskitalo}, Reijo and {Kisner}, Theodore and {Knox}, Lloyd and {Kosowsky}, Arthur and {Kovac}, John and {Kovetz}, Ely D. and {Kuhlmann}, Steve and {Kuo}, Chao-lin and {Kurita}, Nadine and {Kusaka}, Akito and {Lahteenmaki}, Anne and {Lawrence}, Charles R. and {Lee}, Adrian T. and {Lewis}, Antony and {Li}, Dale and {Linder}, Eric and {Loverde}, Marilena and {Lowitz}, Amy and {Madhavacheril}, Mathew S. and {Mantz}, Adam and {Matsuda}, Frederick and {Mauskopf}, Philip and {McMahon}, Jeff and {Meerburg}, P. Daniel and {Melin}, JeanBaptiste and {Meyers}, Joel and {Millea}, Marius and {Mohr}, Joseph and {Moncelsi}, Lorenzo and {Mroczkowski}, Tony and {Mukherjee}, Suvodip and {Munchmeyer}, Moritz and {Nagai}, Daisuke and {Nagy}, Johanna and {Namikawa}, Toshiya and {Nati}, Federico and {Natoli}, Tyler and {Negrello}, Mattia and {Newburgh}, Laura and {Niemack}, Michael D. and {Nishino}, Haruki and {Nordby}, Martin and {Novosad}, Valentine and {O'Connor}, Paul and {Obied}, Georges and {Padin}, Stephen and {Pandey}, Shivam and {Partridge}, Bruce and {Pierpaoli}, Elena and {Pogosian}, Levon and {Pryke}, Clement and {Puglisi}, Giuseppe and {Racine}, Benjamin and {Raghunathan}, Srinivasan and {Rahlin}, Alexandra and {Rajagopalan}, Srini and {Raveri}, Marco and {Reichanadter}, Mark and {Reichardt}, Christian L. and {Remazeilles}, Mathieu and {Rocha}, Graca and {Roe}, Natalie A. and {Roy}, Anirban and {Ruhl}, John and {Salatino}, Maria and {Saliwanchik}, Benjamin and {Schaan}, Emmanuel and {Schillaci}, Alessandro and {Schmittfull}, Marcel M. and {Scott}, Douglas and {Sehgal}, Neelima and {Shandera}, Sarah and {Sheehy}, Christopher and {Sherwin}, Blake D. and {Shirokoff}, Erik and {Simon}, Sara M. and {Slosar}, Anze and {Somerville}, Rachel and {Staggs}, Suzanne T. and {Stark}, Antony and {Stompor}, Radek and {Story}, Kyle T. and {Stoughton}, Chris and {Suzuki}, Aritoki and {Tajima}, Osamu and {Teply}, Grant P. and {Thompson}, Keith and {Timbie}, Peter and {Tomasi}, Maurizio and {Treu}, Jesse I. and {Tristram}, Matthieu and {Tucker}, Gregory and {Umilta}, Caterina and {van Engelen}, Alexander and {Vieira}, Joaquin D. and {Vieregg}, Abigail G. and {Vogelsberger}, Mark and {Wang}, Gensheng and {Watson}, Scott and {White}, Martin and {Whitehorn}, Nathan and {Wollack}, Edward J. and {Wu}, W.~L. Kimmy and {Xu}, Zhilei and {Yasini}, Siavash and {Yeck}, James and {Yoon}, Ki Won and {Young}, Edward and {Zonca}, Andrea},
        title = "{CMB-S4}",
     keywords = {Astrophysics - Instrumentation and Methods for Astrophysics, Astrophysics - Astrophysics of Galaxies},
    booktitle = {Bulletin of the American Astronomical Society},
         year = 2019,
       volume = {51},
        month = sep,
          eid = {209},
        pages = {209},
          doi = {10.48550/arXiv.1908.01062},
archivePrefix = {arXiv},
       eprint = {1908.01062},
 primaryClass = {astro-ph.IM},
       adsurl = {https://ui.adsabs.harvard.edu/abs/2019BAAS...51g.209C},
      adsnote = {Provided by the SAO/NASA Astrophysics Data System}
}

@article{double_beta1,
    author = "Elliott, Steven R. and Vogel, Petr",
    title = "{Double beta decay}",
    eprint = "hep-ph/0202264",
    archivePrefix = "arXiv",
    reportNumber = "UW-CALT-2002",
    doi = "10.1146/annurev.nucl.52.050102.090641",
    journal = "Ann. Rev. Nucl. Part. Sci.",
    volume = "52",
    pages = "115--151",
    year = "2002"
}

@article{double_beta2,
    author = "Dolinski, Michelle J. and Poon, Alan W. P. and Rodejohann, Werner",
    title = "{Neutrinoless Double-Beta Decay: Status and Prospects}",
    eprint = "1902.04097",
    archivePrefix = "arXiv",
    primaryClass = "nucl-ex",
    doi = "10.1146/annurev-nucl-101918-023407",
    journal = "Ann. Rev. Nucl. Part. Sci.",
    volume = "69",
    pages = "219--251",
    year = "2019"
    
}

@article{double_beta_plot,
    author = "Agostini, Matteo and Benato, Giovanni and Detwiler, Jason",
    title = "{Discovery probability of next-generation neutrinoless double- \ensuremath{\beta} decay experiments}",
    eprint = "1705.02996",
    archivePrefix = "arXiv",
    primaryClass = "hep-ex",
    doi = "10.1103/PhysRevD.96.053001",
    journal = "Phys. Rev. D",
    volume = "96",
    number = "5",
    pages = "053001",
    year = "2017"
}

@article{bead_pull,
    author = "Rapidis, N. M.",
    title = "{Application of the Bead Perturbation Technique to a Study of a Tunable 5 GHz Annular Cavity}",
    eprint = "1708.04276",
    archivePrefix = "arXiv",
    primaryClass = "physics.ins-det",
    doi = "10.1007/978-3-319-92726-8_5",
    journal = "Springer Proc. Phys.",
    volume = "211",
    pages = "45--51",
    year = "2018"
}